@article{ACC+2003,
   author = {Abadi , Daniel J. and Carney, Don and \c{C}etintemel, Ugur and Cherniack,  Mitch and Convey, Christian and Lee, Sangdon and Stonebraker, Michael and Tatbul, Nesime and Zdonik, Stan},
   title = {{Aurora: A New Model and Architecture for Data Stream Management}},
   journal = {The VLDB Journal},
   volume = {12},
   number = {2},
   pages = {120--139},
   year = {2003},
}

@inproceedings{ADG+2008,
   author = {Agrawal, Jagrati and Diao, Yanlei and Gyllstrom, Daniel and Immerman, Neil},
   title = {{Efficient Pattern Matching over Event Streams}},
   booktitle = {Proc. Intl. Conference on Management of Data (SIGMOD)},
   pages = {147--160},
   year = {2008},
} 

@article{ABW2006,
   author = {Arasu, Arvind and Babu, Shivnath and Widom, Jennifer},
   title = {{The CQL Continuous Query Language: Semantic Foundations and Query Execution}},
   journal = {The VLDB Journal},
   volume = {15},
   number = {2},
   pages = {121--142},
   year = {2006},
} 

@inproceedings{BW2004,
   author = {Babu, Shivnath and Widom, Jennifer},
   title = {{StreaMon: An Adaptive Engine for Stream Query Processing}},
   booktitle = {Proc. Intl. Conf. on Management of Data (SIGMOD)},
   pages = {931--932},
   year = {2004},
} 

@inproceedings{BDG+2007,
   author = {Brenna, Lars and Demers, Alan and Gehrke, Johannes and Hong, Mingsheng and Ossher, Joel and Panda, Biswanath and Riedewald, Mirek and Thatte, Mohit and White, Walker},
   title = {{Cayuga: A High-Performance Event Processing Engine}},
   booktitle = {Proc. Intl. Conf. on Management of Data (SIGMOD)},
   pages = {1100--1102},
   year = {2007},
} 

@article{CGM2010,
   author = {Chandramouli, Badrish and Goldstein, Jonathan and Maier, David},
   title = {{High-Performance Dynamic Pattern Matching over Disordered Streams}},
   journal = {Proc. VLDB Endow.},
   volume = {3},
   number = {1--2},
   pages = {220--231},
   year = {2010},
} 

@inproceedings{CKL+2010,
   author = {Chui, Chun Kit and Kao, Ben and Lo, Eric and Cheung, David},
   title = {{S-OLAP: An OLAP System for Analyzing Sequence Data}},
   booktitle = {Proc. Intl. Conf. on Management of Data (SIGMOD)},
   pages = {1131--1134},
   year = {2010},
} 

@inproceedings{CJS+2003,
   author = {Cranor, Chuck and Johnson, Theodore and Spataschek, Oliver and Shkapenyuk, Vladislav},
   title = {{Gigascope: A Stream Database for Network Applications}},
   booktitle = {Proc. Intl. Conf. on Management of Data (SIGMOD)},
   pages = {647--651},
   year = {2003},
}

@article{GAE2006,
   author = {Ghanem, Thanaa M. and Aref, Walid G. and Elmagarmid, Ahmed K.},
   title = {{Exploiting Predicate-window Semantics over Data Streams}},
   journal = {SIGMOD Rec.},
   volume = {35},
   number = {1},
   pages = {3--8},
   year = {2006},
} 

@article{GEL+2009,
   author = {Ghanem, Thanaa M. and Elmagarmid, Ahmed K. and Larson, Per-\AAke and Aref, Walid G.},
   title = {{Supporting Views in Data Stream Management Systems}},
   journal = {ACM Trans. Database Syst.},
   volume = {35},
   number = {1},
   pages = {1:1--1:47},
   year = {2008},
}

@book{GPW2009,
   editor = {Glaz, Joseph and Pozdnyakov, Vladimir and Wallenstein, Sylvan},
   title = {{Scan Statistics: Methods and Applications}},
   edition = {2nd},
   publisher = {Birkh{\"a}user Boston},
   year = {2009},
}

@techreport{GHA+2007,
   author = {Goldstein, Jonathan and Hong, Mingsheng and Ali, Mohamed and Barga, Roger},
   title = {{Consistency Sensitive Operators in CEDR}},
   institution = {Microsoft Research},
   number = {MSR-TR-2007-158},
   year = {2007},
   note = {Available at \url{http://research.microsoft.com/pubs/70517/tr-2007-158.pdf}},
}

@inproceedings{IP1995,
   author = {Ioannidis, Yannis E. and Poosala, Viswanath},
   title = {{Balancing Histogram Optimality and Practicality for Query Result Size Estimation}},
   booktitle = {Proc. Intl. Conference on Management of Data (SIGMOD)},
   pages = {233--244},
   year = {1995},
} 

@phdthesis{Kraemer2007,
   author = {Kr{\"a}mer, J{\"u}rgen},
   title = {Continuous Queries over Data Streams -- Semantics and Implementation},
   school = {University of Marburg},
   year = {2007},
}

@article{LTS+2008,
   author = {Li, Jin and Tufte, Kristin and Shkapenyuk, Vladislav and Papadimos, Vassilis and Johnson, Theodore and Maier, David},
   title = {{Out-of-Order Processing: A New Architecture for High-Performance Stream Systems}},
   journal = {Proc. VLDB Endow.},
   volume = {1},
   number = {1},
   pages = {274--288},
   year = {2008},
}

@article{LTD+2008, 
   author = {Li, Jin and Tufte, Kristin and Maier, David and Papadimos, Vassilis}, 
   title = {{AdaptWID: An Adaptive, Memory-Efficient Window Aggregation Implementation}}, 
   journal = {IEEE Internet Computing},
   volume = {12}, 
   number = {6}, 
   pages = {22--29}, 
   year={2008}, 
}

@inproceedings{LMT+2005a,
   author = {Li, Jin and Maier, David and Tufte, Kristin and Papadimos, Vassilis and Tucker, Peter A.},
   title = {{Semantics and Evaluation Techniques for Window Aggregates in Data Streams}},
   booktitle = {Proc. Intl. Conference on Management of Data (SIGMOD)},
   pages = {311--322},
   year = {2005},
} 

@article{LMT+2005b,
   author = {Li, Jin and Maier, David and Tufte, Kristin and Papadimos, Vassilis and Tucker, Peter A.},
   title = {{No Pane, No Gain: Efficient Evaluation of Sliding-Window Aggregates over Data Streams}},
   journal = {SIGMOD Rec.},
   volume = {34},
   number = {1},
   pages = {39--44},
   year = {2005},
} 

@misc{McReynolds2007,
   author = {McReynolds, Stephanie},
   title = {Complex Event Processing in the Real World},
   howpublished = {Oracle White Paper},
   month = {September},
   year = {2007},
   note = {Available at \url{http://www.oracle.com/us/technologies/soa/oracle-complex-event-processing-066421.pdf}},
}

@misc{MSDN,
   author = {{MSDN Library}},
   title = {{Snapshot Windows}},
   howpublished = {Developers Guide (StreamInsight): Writing Query Templates in LINQ},
   note = {Available at \url{http://msdn.microsoft.com/en-us/library/ff518550.aspx}},
}

@article{NDM+2001,
   author = {Naughton, Jeffrey and Dewitt, David and Maier, David and Aboulnaga, Ashraf and Chen, Jianjun and Galanis, Leonidas and Kang, Jaewoo and Krishnamurthy, Rajasekar  and Luo, Qiong and Prakash, Naveen and Ramamurthy, Ravishankar and Shanmugasundaram, Jayavel and Tian, Feng and Tufte, Kristin and Viglas,Stratis},
   title = {{The Niagara Internet Query System}},
   journal = {IEEE Data Eng. Bull.},
   volume = {24},
   number = {2},
   pages = {27--33},
   year = {2001},
}

@misc{PP2008,
   author = {Preston, Dan and Protopapas, Pavlos},
   title = {Searching for Events in Time Series Using Scan Statistics (Poster)},
   howpublished = {Initiative in Innovative Computing Open House, Harvard Univesity},
   year = {2008},
   note = {Available at \url{http://iic.seas.harvard.edu/posters/scanstats-poster.pdf}},
}

@inproceedings{RDS+2004,
   author = {Rundensteiner, Elke A. and Ding, Luping and Sutherland, Timothy and Zhu, Yali and Pielech, Brad and Mehta, Nishant},
   title = {{CAPE: Continuous Query Engine with Heterogeneous-Grained Adaptivity}},
   booktitle = {Proc. Intl. Conf. on Very large Data Bases (VLDB)},
   pages = {1353--1356},
   year = {2004},
}

@article{SZZ+2004,
   author = {Sadri, Reza and Zaniolo, Carlo and Zarkesh, Amir and Adibi, Jafar},
   title = {{Expressing and Optimizing Sequence Queries in Database Systems}},
   journal = {ACM Trans. Database Syst.},
   volume = {29},
   number = {2},
   pages = {282--318},
   year = {2004},
}

@article{TMS+2003, 
   author = {Tucker, Peter A. and Maier, David and Sheard, Tim and Fegaras, Leonidas},
   title = {{Exploiting Punctuation Semantics in Continuous Data Streams}}, 
   journal = {IEEE Trans. on Knowl. and Data Eng.}, 
   volume={15}, 
   number={3}, 
   pages={555--568}, 
   year = {2003}, 
}

@inproceedings{WTB+2010,
   author = {Whiteneck, James and Tufte, Kristin and Bhat, Amit and Maier, David and Fern\'{a}ndez-Moctezuma, Rafael J.},
   title = {{Framing the Question: Detecting and Filling Spatial-Temporal Windows}},
   booktitle = {Proc. Intl. Workshop on GeoStreaming (IWGS)},
   pages = {19--22},
   year = {2010},
} 
 
@misc{ZWC+2007,
   author = {Zemke, Fred and Witkowski, Andrew and Cherniak, Mitch and Colby, Latha},
   title = {Pattern Matching in Sequences of Rows},
   howpublished = {Draft SQL Change Proposal},
   month = {March},
   year = {2007},
   note = {Available at \url{http://www.cs.ucla.edu/classes/spring12/cs240B/notes/row-pattern-recogniton-11.pdf}}
}